@article{Whitted1980,
  author = {Whitted, Turner},
  title = {An improved illumination model for shaded display},
  journal = {Commun. ACM},
  volume = {23},
  issue = {6},
  month = {June},
  year = {1980},
  issn = {0001-0782},
  pages = {343--349},
  numpages = {7},
  url = {http://doi.acm.org/10.1145/358876.358882},
  doi = {http://doi.acm.org/10.1145/358876.358882},
  acmid = {358882},
  publisher = {ACM},
  address = {New York, NY, USA},
  keywords = {computer animation, computer graphics, raster
    displays, shading, visible surface algorithms},
}

@misc{Wald01stateof,
  author = {Ingo Wald and Philipp Slusallek},
  title = {State of the Art in Interactive Ray Tracing},
  year = {2001}
}

@misc{wikipediaRadiosity,
  author = {Wikipedia},
  title = {Radiosity},
  year = {2011},
  howpublished =
  {\url{http://en.wikipedia.org/wiki/Radiosity_(3D_computer_graphics)#Mathematical_formulation}}
}

@misc{webWayne06,
  author ={Oscar Xavier Chavarro},
  title={CGI Historical Timeline - Reloaded},
  howpublished={\url{http://sophia.javeriana.edu.co/~ochavarr/computer_graphics_history/historia/}},
  year={2006}
}

@misc{webWayne03,
  author ={Wayne E. Carlson},
  title={CGI Historical Timeline},
  howpublished={\url{https://design.osu.edu/carlson/history/timeline.html}},
  year={2003}
}
@INPROCEEDINGS{Lafortune93,
  author = {Eric P. Lafortune and Yves D. Willems},
  title = {Bi-Directional Path Tracing},
  booktitle = {Proceedings of third international conference on computational
    graphics and visualization techniques (COMPUGRAPHICS)},
  year = {1993},
  pages = {145--153},
  publisher = {}
}

@inproceedings{Appel1968,
  author = {Appel, Arthur},
  title = {Some techniques for shading machine renderings of solids},
  booktitle = {Proceedings of the April 30--May 2, 1968, spring joint
    computer conference},
  series = {AFIPS '68 (Spring)},
  year = {1968},
  location = {Atlantic City, New Jersey},
  pages = {37--45},
  numpages = {9},
  url = {http://doi.acm.org/10.1145/1468075.1468082},
  doi = {http://doi.acm.org/10.1145/1468075.1468082},
  acmid = {1468082},
  publisher = {ACM},
  address = {New York, NY, USA},
} 

@book{Sutter05,
  author       = "Sutter, Herb",
  title        = "Exceptional C++ Style: 40 New Engineering
    Puzzles,
  Programming Problems, and Solutions.
    Exceptional C++ Style.
    Forty New
    Engineering
    Puzzles,
  Programming Problems, and
    Solutions",
  publisher    = "Addison-Wesley",
  address      = "Boston, MA",
  year         = "2005",
}

@book{Meyers94,
  author ="Scott Meyers",
  title ="Effective {C}++",
  publisher ="Addison-Wesley",
  address ="Reading, Massachusetts, USA",
  year = "1994",
  ISBN = "0-201-56364-9",
  descriptor ="C++, Technik",
  annote ="Tips und Tricks fuer C++.",
}

@Book{DesignPatternsBook,
  author ="Erich Gamma and Richard Helm and Ralph Johnson and
    John Vlissides",
  title ="Design Patterns: Elements of Reusable Object-Oriented
    Software",
  publisher ="Addison Wesley",
  address ="Massachusetts",
  year = "1994",
  fullisbn ="0-201-63361-2",
  descriptor ="Design, Objekt-orientiert, Pattern,
  Programmieren,
  Software-Design, Wiederverwendung",
}

